<record><leader>00000cas a22000007a 4500</leader><controlfield tag="001">25181776</controlfield><controlfield tag="008">920129d19uu191uncuwr ne      0    0eng d</controlfield><datafield ind1=" " ind2=" " tag="010"><subfield code="a">sn 92061730 </subfield></datafield><datafield ind1=" " ind2=" " tag="040"><subfield code="a">NYS</subfield><subfield code="b">eng</subfield><subfield code="c">NYS</subfield><subfield code="d">NVJ</subfield><subfield code="d">OCLCQ</subfield></datafield><datafield ind1=" " ind2=" " tag="042"><subfield code="a">msc</subfield></datafield><datafield ind1="0" ind2="0" tag="245"><subfield code="a">Southern Pines tourist.</subfield></datafield><datafield ind1=" " ind2=" " tag="260"><subfield code="a">Southern Pines, N.C. :</subfield><subfield code="b">[s.n.]</subfield></datafield><datafield ind1=" " ind2=" " tag="300"><subfield code="a">v.</subfield></datafield><datafield ind1=" " ind2=" " tag="310"><subfield code="a">Weekly</subfield></datafield><datafield ind1=" " ind2=" " tag="588"><subfield code="a">Description based on: Vol. 4, no. 22 (Apr. 26, 1907).</subfield></datafield><datafield ind1=" " ind2="4" tag="651"><subfield code="a">Southern Pines (N.C.)</subfield><subfield code="v">Newspapers.</subfield></datafield><datafield ind1=" " ind2=" " tag="752"><subfield code="a">United States</subfield><subfield code="b">North Carolina</subfield><subfield code="c">Moore</subfield><subfield code="d">Southern Pines.</subfield></datafield><datafield ind1="0" ind2="0" tag="785"><subfield code="t">Sandhill citizen</subfield><subfield code="w">(DLC)sn 92061634</subfield></datafield><datafield ind1="1" ind2=" " tag="029"><subfield code="a">AU@</subfield><subfield code="b">000025907054</subfield></datafield></record>